@article{Hull,
  author = {John C. Hull},
  title = {Futures, Options and Other Derivatives},
  year = {2022},
  publisher = {Pearson Education Limited}
}


